% Bibliography for Wayland Book
% References for Wayland: A Complete Guide to Modern Display Server Architecture

@misc{wayland-website,
    author = {{Wayland Project}},
    title = {Wayland},
    howpublished = {\url{https://wayland.freedesktop.org/}},
    note = {Official Wayland project website},
    year = {2024}
}

@misc{wayland-protocol-spec,
    author = {{Wayland Project}},
    title = {Wayland Protocol Specification},
    howpublished = {\url{https://wayland.freedesktop.org/docs/html/}},
    note = {Official protocol documentation},
    year = {2024}
}

@misc{wayland-book-drew,
    author = {Drew DeVault},
    title = {The Wayland Protocol},
    howpublished = {\url{https://wayland-book.com/}},
    note = {Practical introduction to Wayland development},
    year = {2019}
}

@misc{wlroots,
    author = {{wlroots Contributors}},
    title = {wlroots: A modular Wayland compositor library},
    howpublished = {\url{https://gitlab.freedesktop.org/wlroots/wlroots}},
    year = {2024}
}

@misc{sway,
    author = {Drew DeVault and {Sway Contributors}},
    title = {Sway: i3-compatible Wayland compositor},
    howpublished = {\url{https://swaywm.org/}},
    year = {2024}
}

@misc{mutter,
    author = {{GNOME Project}},
    title = {Mutter: GNOME's Window Manager and Compositor},
    howpublished = {\url{https://gitlab.gnome.org/GNOME/mutter}},
    year = {2024}
}

@misc{kwin,
    author = {{KDE Community}},
    title = {KWin: KDE's Window Manager},
    howpublished = {\url{https://invent.kde.org/plasma/kwin}},
    year = {2024}
}

@misc{weston,
    author = {{Wayland Project}},
    title = {Weston: Reference Wayland Compositor},
    howpublished = {\url{https://gitlab.freedesktop.org/wayland/weston}},
    year = {2024}
}

@article{hogsberg2008,
    author = {Kristian HÃ¸gsberg},
    title = {Wayland Architecture},
    journal = {Linux Plumbers Conference},
    year = {2008},
    note = {Initial presentation of Wayland architecture}
}

@misc{xorg-server,
    author = {{X.Org Foundation}},
    title = {X.Org Server},
    howpublished = {\url{https://www.x.org/}},
    year = {2024}
}

@book{scheifler1990,
    author = {Robert W. Scheifler and James Gettys},
    title = {X Window System: The Complete Reference to Xlib, X Protocol, ICCCM, XLFD},
    publisher = {Digital Press},
    year = {1990},
    edition = {3rd}
}

@misc{xcb,
    author = {{XCB Project}},
    title = {XCB: X C Binding},
    howpublished = {\url{https://xcb.freedesktop.org/}},
    year = {2024}
}

@misc{mesa,
    author = {{Mesa Contributors}},
    title = {Mesa 3D Graphics Library},
    howpublished = {\url{https://www.mesa3d.org/}},
    year = {2024}
}

@misc{drm,
    author = {{Linux Kernel}},
    title = {Direct Rendering Manager (DRM)},
    howpublished = {\url{https://www.kernel.org/doc/html/latest/gpu/}},
    note = {Kernel documentation for DRM/KMS},
    year = {2024}
}

@misc{libinput,
    author = {{freedesktop.org}},
    title = {libinput: Input device library},
    howpublished = {\url{https://www.freedesktop.org/wiki/Software/libinput/}},
    year = {2024}
}

@misc{xdg-portals,
    author = {{freedesktop.org}},
    title = {XDG Desktop Portals},
    howpublished = {\url{https://flatpak.github.io/xdg-desktop-portal/}},
    note = {Sandboxed application integration},
    year = {2024}
}

@misc{wayland-protocols,
    author = {{Wayland Project}},
    title = {wayland-protocols: Extended Wayland protocols},
    howpublished = {\url{https://gitlab.freedesktop.org/wayland/wayland-protocols}},
    year = {2024}
}

@misc{egl,
    author = {{Khronos Group}},
    title = {EGL: The Interface Between Rendering APIs and Native Platform},
    howpublished = {\url{https://www.khronos.org/egl}},
    year = {2024}
}

@misc{vulkan,
    author = {{Khronos Group}},
    title = {Vulkan Graphics and Compute API},
    howpublished = {\url{https://www.vulkan.org/}},
    year = {2024}
}

@misc{opengl,
    author = {{Khronos Group}},
    title = {OpenGL - The Industry Standard for High Performance Graphics},
    howpublished = {\url{https://www.opengl.org/}},
    year = {2024}
}

@article{stone2016,
    author = {Daniel Stone},
    title = {Atomic Mode-Setting Design Overview},
    journal = {Linux Graphics},
    year = {2016},
    note = {Overview of DRM atomic mode-setting}
}

@misc{xwayland,
    author = {{X.Org Foundation}},
    title = {XWayland: X11 Server as a Wayland Client},
    howpublished = {\url{https://wayland.freedesktop.org/xserver.html}},
    year = {2024}
}

@misc{pipewire,
    author = {{PipeWire Contributors}},
    title = {PipeWire: Multimedia Processing Framework},
    howpublished = {\url{https://pipewire.org/}},
    note = {Used for screen sharing and remote desktop},
    year = {2024}
}

@misc{waypipe,
    author = {Manuel Stoeckl},
    title = {waypipe: Network Proxy for Wayland},
    howpublished = {\url{https://gitlab.freedesktop.org/mstoeckl/waypipe}},
    year = {2024}
}

@misc{flatpak,
    author = {{Flatpak Contributors}},
    title = {Flatpak: Application Sandboxing Framework},
    howpublished = {\url{https://flatpak.org/}},
    year = {2024}
}

@misc{gtk,
    author = {{GNOME Project}},
    title = {GTK: The GIMP Toolkit},
    howpublished = {\url{https://www.gtk.org/}},
    year = {2024}
}

@misc{qt,
    author = {{The Qt Company}},
    title = {Qt: Cross-platform Application Framework},
    howpublished = {\url{https://www.qt.io/}},
    year = {2024}
}

@misc{sdl,
    author = {{Simple DirectMedia Layer}},
    title = {SDL: Simple DirectMedia Layer},
    howpublished = {\url{https://www.libsdl.org/}},
    year = {2024}
}

@inproceedings{paalanen2014,
    author = {Pekka Paalanen},
    title = {Weston: A Wayland Compositor},
    booktitle = {FOSDEM},
    year = {2014},
    note = {Technical overview of the reference compositor}
}

@misc{layer-shell,
    author = {{wlroots Contributors}},
    title = {wlr-layer-shell Protocol},
    howpublished = {\url{https://wayland.app/protocols/wlr-layer-shell-unstable-v1}},
    note = {Protocol for desktop shell components},
    year = {2024}
}

@misc{xdg-shell,
    author = {{Wayland Project}},
    title = {XDG Shell Protocol},
    howpublished = {\url{https://wayland.app/protocols/xdg-shell}},
    note = {Standard window management protocol},
    year = {2024}
}

@misc{input-method,
    author = {{Wayland Project}},
    title = {Input Method Protocol},
    howpublished = {\url{https://wayland.app/protocols/input-method-unstable-v2}},
    note = {Protocol for input methods and virtual keyboards},
    year = {2024}
}

@misc{dmabuf,
    author = {{Wayland Project}},
    title = {Linux DMA-BUF Protocol},
    howpublished = {\url{https://wayland.app/protocols/linux-dmabuf-unstable-v1}},
    note = {Zero-copy buffer sharing},
    year = {2024}
}

@book{blinn1998,
    author = {Jim Blinn},
    title = {Jim Blinn's Corner: A Trip Down the Graphics Pipeline},
    publisher = {Morgan Kaufmann},
    year = {1998},
    note = {Classic computer graphics fundamentals}
}

@book{foley1995,
    author = {James D. Foley and Andries van Dam and Steven K. Feiner and John F. Hughes},
    title = {Computer Graphics: Principles and Practice},
    publisher = {Addison-Wesley},
    year = {1995},
    edition = {2nd}
}

@misc{archwiki-wayland,
    author = {{Arch Linux Wiki}},
    title = {Wayland},
    howpublished = {\url{https://wiki.archlinux.org/title/Wayland}},
    note = {Community documentation and troubleshooting},
    year = {2024}
}

@misc{gentoo-wayland,
    author = {{Gentoo Wiki}},
    title = {Wayland},
    howpublished = {\url{https://wiki.gentoo.org/wiki/Wayland}},
    note = {Gentoo-specific Wayland configuration},
    year = {2024}
}

@article{packard2004,
    author = {Keith Packard and Jim Gettys},
    title = {The X Composite Extension},
    journal = {X.Org Foundation},
    year = {2004},
    note = {Technical specification of X11 compositing}
}

@misc{icccm,
    author = {David Rosenthal},
    title = {Inter-Client Communication Conventions Manual (ICCCM)},
    howpublished = {\url{https://www.x.org/releases/X11R7.7/doc/xorg-docs/icccm/icccm.html}},
    year = {1993},
    note = {X11 client communication standard}
}

@misc{ewmh,
    author = {{freedesktop.org}},
    title = {Extended Window Manager Hints (EWMH)},
    howpublished = {\url{https://specifications.freedesktop.org/wm-spec/wm-spec-latest.html}},
    note = {Modern X11 window manager specification},
    year = {2024}
}

@misc{systemd,
    author = {{systemd Contributors}},
    title = {systemd: System and Service Manager},
    howpublished = {\url{https://systemd.io/}},
    year = {2024}
}

@article{devault2019,
    author = {Drew DeVault},
    title = {Why Wayland? An introduction to Wayland and XWayland},
    journal = {Drew DeVault's Blog},
    year = {2019},
    howpublished = {\url{https://drewdevault.com/}}
}

@misc{smithay,
    author = {{Smithay Contributors}},
    title = {Smithay: Wayland Compositor Framework in Rust},
    howpublished = {\url{https://github.com/Smithay/smithay}},
    year = {2024}
}

@misc{river,
    author = {Isaac Freund},
    title = {River: Dynamic Tiling Wayland Compositor},
    howpublished = {\url{https://github.com/riverwm/river}},
    year = {2024}
}

@misc{wayfire,
    author = {{Wayfire Contributors}},
    title = {Wayfire: 3D Wayland Compositor},
    howpublished = {\url{https://wayfire.org/}},
    year = {2024}
}

@misc{hyprland,
    author = {Vaxry},
    title = {Hyprland: Dynamic Tiling Wayland Compositor},
    howpublished = {\url{https://hyprland.org/}},
    year = {2024}
}

@misc{cage,
    author = {{Cage Contributors}},
    title = {Cage: Wayland Kiosk Compositor},
    howpublished = {\url{https://github.com/cage-kiosk/cage}},
    year = {2024}
}

@book{tanenbaum2014,
    author = {Andrew S. Tanenbaum and Herbert Bos},
    title = {Modern Operating Systems},
    publisher = {Pearson},
    year = {2014},
    edition = {4th}
}

@book{stevens2013,
    author = {W. Richard Stevens and Stephen A. Rago},
    title = {Advanced Programming in the UNIX Environment},
    publisher = {Addison-Wesley},
    year = {2013},
    edition = {3rd}
}

@misc{wayland-security,
    author = {Martin Peres},
    title = {Security in Wayland},
    journal = {X.Org Developers Conference},
    year = {2014},
    note = {Analysis of Wayland security model}
}

@article{vienne2023,
    author = {Simon Ser and Pekka Paalanen and Daniel Stone},
    title = {Color Management in Wayland},
    journal = {X.Org Developers Conference},
    year = {2023},
    note = {Modern color management protocols}
}

@misc{xkbcommon,
    author = {{xkbcommon Contributors}},
    title = {xkbcommon: Keyboard Handling Library},
    howpublished = {\url{https://xkbcommon.org/}},
    year = {2024}
}

@misc{linux-graphics-stack,
    author = {Martin Peres and Daniel Vetter},
    title = {Understanding the Linux Graphics Stack},
    howpublished = {\url{https://blogs.igalia.com/}},
    year = {2020},
    note = {Overview of DRM, KMS, and userspace components}
}

@book{shreiner2013,
    author = {Dave Shreiner and Graham Sellers and John Kessenich and Bill Licea-Kane},
    title = {OpenGL Programming Guide: The Official Guide to Learning OpenGL},
    publisher = {Addison-Wesley},
    year = {2013},
    edition = {8th}
}

@misc{wayland-mailing-list,
    author = {{Wayland Project}},
    title = {Wayland Development Mailing List Archives},
    howpublished = {\url{https://lists.freedesktop.org/archives/wayland-devel/}},
    year = {2024}
}

@misc{freedesktop-standards,
    author = {{freedesktop.org}},
    title = {freedesktop.org Standards},
    howpublished = {\url{https://www.freedesktop.org/wiki/Specifications/}},
    year = {2024}
}

@article{hoegsberg-qnx,
    author = {Kristian HÃ¸gsberg},
    title = {Graphics Architecture for Embedded Systems},
    journal = {QNX Software Systems},
    year = {2007},
    note = {Early work influencing Wayland design}
}
